@misc{website:antescofo,
      title = "Antescofo",
      month = "September",
      year = "2015",
      url = "http://repmus.ircam.fr/antescofo"
},
@misc{website:puredata,
      title = "Pure Data",
      month = "September",
      year = "2015",
      url = "https://puredata.info"
},